Copyright 2012 Sean Leather (sean.leather-at-gmail.com)

Last

@inproceedings{incrementalization,
title = {{Pull-Ups, Push-Downs, and Passing It Around: Exercises in Functional Incrementalization}},
author = {Sean Leather and Andres Löh and Johan Jeuring},
booktitle = {Proceedings of the 21st International Symposium on Implementation and Application of Functional Languages (IFL)},
year = {2009},
pages = {159--178},
editor = {Marco T. Morazán and Sven-Bodo Scholz},
publisher = {Springer},
location = {South Orange, New Jersey, USA},
}

@inproceedings{gdiff,
title = {{Type-Safe Diff for Families of Datatypes}},
author = {Eelco Lempsink and Sean Leather and Andres Löh},
booktitle = {Proceedings of the Workshop on Generic Programming (WGP)},
year = {2009},
pages = {61--72},
publisher = {ACM},
location = {Edinburgh, Scotland, UK},
}

@incollection{gplibraries,
title = {{Libraries for Generic Programming in Haskell}},
author = {Johan Jeuring and Sean Leather and José Pedro Magalhães and Alexey Rodriguez Yakushev},
booktitle = {Advanced Functional Programming},
year = {2009},
pages = {165--229},
series = {Lecture Notes in Computer Science},
volume = {5832},
editor = {Pieter Koopman and Rinus Plasmeijer and Doaitse Swierstra},
publisher = {Springer},
}

First
